<?xml version="1.0" encoding="UTF-8"?><Document xmlns="urn:iso:std:iso:20022:tech:xsd:pain.001.001.03">
  <CstmrCdtTrfInitn>
    <GrpHdr>
      <MsgId>GOLDEN-009</MsgId>
      <CreDtTm>NORMALIZED_DATETIME</CreDtTm>
      <NbOfTxs>1</NbOfTxs>
      <CtrlSum>500.00</CtrlSum>
      <InitgPty>
        <Nm>Barcelona Tech SL</Nm>
      </InitgPty>
    </GrpHdr>
    <PmtInf>
      <PmtInfId>PII-GOLDEN-009</PmtInfId>
      <PmtMtd>TRF</PmtMtd>
      <NbOfTxs>1</NbOfTxs>
      <CtrlSum>500.00</CtrlSum>
      <PmtTpInf>
        <SvcLvl><Cd>SEPA</Cd></SvcLvl>
      </PmtTpInf>
      <ReqdExctnDt>NORMALIZED_DATE</ReqdExctnDt>
      <Dbtr>
        <Nm>Barcelona Tech SL</Nm>
        <PstlAdr><Ctry>ES</Ctry></PstlAdr>
      </Dbtr>
      <DbtrAcct>
        <Id><IBAN>ES9121000418450200051332</IBAN></Id>
      </DbtrAcct>
      <DbtrAgt>
        <FinInstnId><Othr><Id>NOTPROVIDED</Id></Othr></FinInstnId>
      </DbtrAgt>
      <CdtTrfTxInf>
        <PmtId>
          <InstrId>GOLDEN-009</InstrId>
          <EndToEndId>GOLDEN-009</EndToEndId>
        </PmtId>
        <Amt>
          <InstdAmt Ccy="EUR">500.00</InstdAmt>
        </Amt>
        <Cdtr>
          <Nm>Athens Imports AE</Nm>
          <PstlAdr><Ctry>GR</Ctry></PstlAdr>
        </Cdtr>
        <CdtrAcct>
          <Id><IBAN>GR1601101250000000012300695</IBAN></Id>
        </CdtrAcct>
        <RmtInf>
          <Ustrd>TECH-SERVICES-Q1</Ustrd>
        </RmtInf>
      </CdtTrfTxInf>
    </PmtInf>
  </CstmrCdtTrfInitn>
</Document>