<?xml version="1.0" encoding="UTF-8"?><Document xmlns="urn:iso:std:iso:20022:tech:xsd:pain.001.001.03">
  <CstmrCdtTrfInitn>
    <GrpHdr>
      <MsgId>GOLDEN-007</MsgId>
      <CreDtTm>NORMALIZED_DATETIME</CreDtTm>
      <NbOfTxs>1</NbOfTxs>
      <CtrlSum>3750.50</CtrlSum>
      <InitgPty>
        <Nm>Milano Trading SRL</Nm>
      </InitgPty>
    </GrpHdr>
    <PmtInf>
      <PmtInfId>PII-GOLDEN-007</PmtInfId>
      <PmtMtd>TRF</PmtMtd>
      <NbOfTxs>1</NbOfTxs>
      <CtrlSum>3750.50</CtrlSum>
      <PmtTpInf>
        <SvcLvl><Cd>SEPA</Cd></SvcLvl>
      </PmtTpInf>
      <ReqdExctnDt>NORMALIZED_DATE</ReqdExctnDt>
      <Dbtr>
        <Nm>Milano Trading SRL</Nm>
        <PstlAdr><Ctry>IT</Ctry></PstlAdr>
      </Dbtr>
      <DbtrAcct>
        <Id><IBAN>IT60X0542811101000000123456</IBAN></Id>
      </DbtrAcct>
      <DbtrAgt>
        <FinInstnId><Othr><Id>NOTPROVIDED</Id></Othr></FinInstnId>
      </DbtrAgt>
      <CdtTrfTxInf>
        <PmtId>
          <InstrId>GOLDEN-007</InstrId>
          <EndToEndId>GOLDEN-007</EndToEndId>
        </PmtId>
        <Amt>
          <InstdAmt Ccy="EUR">3750.50</InstdAmt>
        </Amt>
        <Cdtr>
          <Nm>Vienna Imports GmbH</Nm>
          <PstlAdr><Ctry>AT</Ctry></PstlAdr>
        </Cdtr>
        <CdtrAcct>
          <Id><IBAN>AT611904300234573201</IBAN></Id>
        </CdtrAcct>
        <RmtInf>
          <Ustrd>CONTRACT-IT-AT-2026</Ustrd>
        </RmtInf>
      </CdtTrfTxInf>
    </PmtInf>
  </CstmrCdtTrfInitn>
</Document>