<?xml version="1.0" encoding="UTF-8"?><Document xmlns="urn:iso:std:iso:20022:tech:xsd:pain.001.001.03">
  <CstmrCdtTrfInitn>
    <GrpHdr>
      <MsgId>GOLDEN-006</MsgId>
      <CreDtTm>NORMALIZED_DATETIME</CreDtTm>
      <NbOfTxs>1</NbOfTxs>
      <CtrlSum>1200.00</CtrlSum>
      <InitgPty>
        <Nm>Amsterdam Logistics BV</Nm>
      </InitgPty>
    </GrpHdr>
    <PmtInf>
      <PmtInfId>PII-GOLDEN-006</PmtInfId>
      <PmtMtd>TRF</PmtMtd>
      <NbOfTxs>1</NbOfTxs>
      <CtrlSum>1200.00</CtrlSum>
      <PmtTpInf>
        <SvcLvl><Cd>SEPA</Cd></SvcLvl>
      </PmtTpInf>
      <ReqdExctnDt>NORMALIZED_DATE</ReqdExctnDt>
      <Dbtr>
        <Nm>Amsterdam Logistics BV</Nm>
        <PstlAdr><Ctry>NL</Ctry></PstlAdr>
      </Dbtr>
      <DbtrAcct>
        <Id><IBAN>NL91ABNA0417164300</IBAN></Id>
      </DbtrAcct>
      <DbtrAgt>
        <FinInstnId><Othr><Id>NOTPROVIDED</Id></Othr></FinInstnId>
      </DbtrAgt>
      <CdtTrfTxInf>
        <PmtId>
          <InstrId>GOLDEN-006</InstrId>
          <EndToEndId>GOLDEN-006</EndToEndId>
        </PmtId>
        <Amt>
          <InstdAmt Ccy="EUR">1200.00</InstdAmt>
        </Amt>
        <Cdtr>
          <Nm>Brussels Supply NV</Nm>
          <PstlAdr><Ctry>BE</Ctry></PstlAdr>
        </Cdtr>
        <CdtrAcct>
          <Id><IBAN>BE68539007547034</IBAN></Id>
        </CdtrAcct>
        <RmtInf>
          <Ustrd>PO-2026-0099</Ustrd>
        </RmtInf>
      </CdtTrfTxInf>
    </PmtInf>
  </CstmrCdtTrfInitn>
</Document>